
% journal1
@article{cite_journal1,
    author = {Saberi, Sara and Kouhizadeh, Mahtab and Sarkis, Joseph and Shen, Lejia},
    title = {Blockchain technology and its relationships to sustainable supply chain management},
    journal = {Int J Prod Res},
    year = {2019,},
    volume = {57},
    number = {7},
    pages={2117--2135}
}


% journal2
@article{cite_journal2,
    author = {Li, Tao and Wang, Zhaojie and Yang, Guoyu and Cui, Yang and Chen, Yuling and Yu, Xiaomei},
    title = {Semi-selfish mining based on hidden Markov decision process},
    journal = {Int J Intell},
    year = {2021,},
    volume = {36},
    number = {7},
    pages={3596--3612}
}

% journal3
@article{cite_journal3,
    author = {Hu, Yining and Seneviratne, Suranga and Thilakarathna, Kanchana and Fukuda, Kensuke and Seneviratne, Aruna},
    title = {Characterizing and detecting money laundering activities on the bitcoin network},
    journal = {arXiv},
    year = {2019,},
    note={arXiv:1912.12060}
}
% book
@incollection{bookcite,
  author = {Lee Ellen Copstead and Jacquelyn L. Banasik},
  editor = {3rd}, 
  address = {St Louis},
  booktitle = {Pathophysiology},
  publisher = {Elsevier,{ }},
  year = {2005},
  pages = {123--126}
}
% book chapters
@incollection{bookchapterscite,
  author = {David W. Mount},
  title = {Alignment of pairs of sequences},
  editor = {2nd},
  address = {New York},
  booktitle = {Bioinformatics: Sequence and Genome Analysis},
  publisher = {Cold Spring Harbor Laboratory Press,{ }},
  year = {2004},
  pages = {65--68}
}

% conference
@conference{conferencecite,
  author = {Awan, Sana and Li, Fengjun and Luo, Bo and Liu, Mei}, 
  title = {A reliable and accountable privacy-preserving federated learning framework using the blockchain},
  booktitle = {Proceedings of the 2019 ACM SIGSAC conference on computer and communications security},
  address = {London, United Kingdom,{ }},
  year = {November 11-15, 2019,},
  pages = {2561--2563},
}

% phdthesis
@phdthesis{phdthesiscite,
  author = {Peter Joslin}, 
  title = {thesisName},
  school = {University},
  year = 2004,
  address = {City},
}

%masterthesiscite
@mastersthesis{masterthesiscite,
  author = {Wüst, Kar}, 
  title = {Security of blockchain technologies},
  school = {ETH Zürich},
  year = 2016
}

% patent
@misc{patentcite,
  author = {Ryan McGeehan and Lev Timourovich Popov and Christopher William Palow and Robert J. Read and Pedram Keyani}, 
  title = {Preventing phishing attacks based on the reputation of user locations},
  howpublished = {U.S. Patent No. 9,576,119. 21 Feb. 2017.}
}


% Website
@misc{websitecite,
  author = {Joseph Poon and Thaddeus Dryja}, 
  title = {The bitcoin lightning network: Scalable off-chain instant payments. 2016, pp. 1-59},
  howpublished = {Available: \url{https://www.bitcoinlightning.com/wp-content/uploads/2018/03/lightning-network-paper.pdf} (accessed on 17 January 2023)}
}




